% applications_of_answer_set_programmming

@article{gelfond1991classical,
  title={Classical negation in logic programs and disjunctive databases},
  author={Gelfond, Michael and Lifschitz, Vladimir},
  journal={New generation computing},
  volume={9},
  number={3-4},
  pages={365--385},
  year={1991},
  publisher={Springer}
}


@misc{sep,
  title = {{Defeasible Reasoning},
  howpublished = {\url{https://plato.stanford.edu/entries/reasoning-defeasible}},
  note = {Accessed: 2019-04-25}
}}

% APS in general 

@article{gelfond1991classical,
  title={Classical negation in logic programs and disjunctive databases},
  author={Gelfond, Michael and Lifschitz, Vladimir},
  journal={New generation computing},
  volume={9},
  number={3-4},
  pages={365--385},
  year={1991},
  publisher={Springer}
}


% the answer set programming paradigm

@article{erdem2016applications,
  title={Applications of answer set programming},
  author={Erdem, Esra and Gelfond, Michael and Leone, Nicola},
  journal={AI Magazine},
  volume={37},
  number={3},
  pages={53--68},
  year={2016}
}


@article{janhunen2016answer,
  title={The answer set programming paradigm},
  author={Janhunen, Tomi and Nimel{\"a}, Ilkka},
  journal={AI Magazine},
  volume={37},
  number={3},
  pages={13--24},
  year={2016}
}

% 2003, A. Schrijver, Combinatorial Optimization: Polyhedra and Efficiency, Volume A, Springer, page 43,

@book{np_complete,
  author    = {A. Schrijver}, 
  title     = {Combinatorial Optimization: Polyhedra and Efficiency, Volume A},
  publisher = {Springer},
  year      = 2003,
  volume    = A,
}


% Exploring Life through Logic Programming: Logic Programming in Bioinformatics

@article{formisanoexploring,
  title={Exploring Life through Logic Programming: Logic Programming in Bioinformatics},
  author={Formisano, Andrea and Pontelli, Enrico}
}

@article{gonnet2004some,
  title={Some string matching problems from Bioinformatics which still need better solutions},
  author={Gonnet, Gaston H},
  journal={Journal of Discrete Algorithms},
  volume={2},
  number={1},
  pages={3--15},
  year={2004},
  publisher={Elsevier}
}

% intra-logistic
@article{gebser2018experimenting,
  title={Experimenting with robotic intra-logistics domains},
  author={Gebser, Martin and Obermeier, Philipp and Otto, Thomas and Schaub, Torsten and Sabuncu, Orkunt and Nguyen, Van and Son, Tran Cao},
  journal={Theory and Practice of Logic Programming},
  volume={18},
  number={3-4},
  pages={502--519},
  year={2018},
  publisher={Cambridge University Press}
}

% space shuttle

@inproceedings{nogueira2001prolog,
  title={An A-Prolog decision support system for the Space Shuttle},
  author={Nogueira, Monica and Balduccini, Marcello and Gelfond, Michael and Watson, Richard and Barry, Matthew},
  booktitle={International symposium on practical aspects of declarative languages},
  pages={169--183},
  year={2001},
  organization={Springer}
}

@article{gelfond1998action,
  title={Action languages},
  author={Gelfond, Michael and Lifschitz, Vladimir},
  year={1998},
  publisher={Citeseer}
}

%% Answer Set Programming in Proofdoku

@inproceedings{gebser2013advanced,
  title={Advanced conflict-driven disjunctive answer set solving},
  author={Gebser, Martin and Kaufmann, Benjamin and Schaub, Torsten},
  booktitle={Twenty-Third International Joint Conference on Artificial Intelligence},
  year={2013}
}   

%% Answer Set Programming for Procedural Content Generation: A Design Space Approach

@article{smith2011answer,
  title={Answer set programming for procedural content generation: A design space approach},
  author={Smith, Adam M and Mateas, Michael},
  journal={IEEE Transactions on Computational Intelligence and AI in Games},
  volume={3},
  number={3},
  pages={187--200},
  year={2011},
  publisher={IEEE}
}

@inproceedings{smith2010ludocore,
  title={Ludocore: A logical game engine for modeling videogames},
  author={Smith, Adam M and Nelson, Mark J and Mateas, Michael},
  booktitle={Proceedings of the 2010 IEEE Conference on Computational Intelligence and Games},
  pages={91--98},
  year={2010},
  organization={IEEE}
}

@inproceedings{smith2010variations,
  title={Variations forever: Flexibly generating rulesets from a sculptable design space of mini-games},
  author={Smith, Adam M and Mateas, Michael},
  booktitle={Proceedings of the 2010 IEEE Conference on Computational Intelligence and Games},
  pages={273--280},
  year={2010},
  organization={IEEE}
}

@book{baral2003knowledge,
  title={Knowledge representation, reasoning and declarative problem solving},
  author={Baral, Chitta},
  year={2003},
  publisher={Cambridge university press}
}

@article{lin2004assat,
  title={ASSAT: Computing answer sets of a logic program by SAT solvers},
  author={Lin, Fangzhen and Zhao, Yuting},
  journal={Artificial Intelligence},
  volume={157},
  number={1-2},
  pages={115--137},
  year={2004},
  publisher={Elsevier}
}

@book{russel,
  author    = {S. Russel and P. Norvig}, 
  title     = {Artificial Intelligence: A Modern Approach},
  year      = 2002,
}

%%% Answer Set Planning
@article{gelfond1998action,
  title={Action languages},
  author={Gelfond, Michael and Lifschitz, Vladimir},
  year={1998},
  publisher={Citeseer}
}

@incollection{marek1999stable,
  title={Stable models and an alternative logic programming paradigm},
  author={Marek, Victor W and Truszczy{\'n}ski, Miroslaw},
  booktitle={The Logic Programming Paradigm},
  pages={375--398},
  year={1999},
  publisher={Springer}
}

@article{niemela1999logic,
  title={Logic programs with stable model semantics as a constraint programming paradigm},
  author={Niemel{\"a}, Ilkka},
  journal={Annals of mathematics and Artificial Intelligence},
  volume={25},
  number={3-4},
  pages={241--273},
  year={1999},
  publisher={Springer}
}

@inproceedings{son2009logic,
  title={Logic programming for multiagent planning with negotiation},
  author={Son, Tran Cao and Pontelli, Enrico and Sakama, Chiaki},
  booktitle={International Conference on Logic Programming},
  pages={99--114},
  year={2009},
  organization={Springer}
}

@article{son2018answer,
  title={Answer Set Planning in Single-and Multi-agent Environments},
  author={Son, Tran Cao and Balduccini, Marcello},
  journal={KI-K{\"u}nstliche Intelligenz},
  volume={32},
  number={2-3},
  pages={133--141},
  year={2018},
  publisher={Springer}
}

@inproceedings{mitra2016addressing,
  title={Addressing a question answering challenge by combining statistical methods with inductive rule learning and reasoning},
  author={Mitra, Arindam and Baral, Chitta},
  booktitle={Thirtieth AAAI Conference on Artificial Intelligence},
  year={2016}
}

@article{ray2009nonmonotonic,
  title={Nonmonotonic abductive inductive learning},
  author={Ray, Oliver},
  journal={Journal of Applied Logic},
  volume={7},
  number={3},
  pages={329--340},
  year={2009},
  publisher={Elsevier}
}

@inproceedings{banarescu2013abstract,
  title={Abstract meaning representation for sembanking},
  author={Banarescu, Laura and Bonial, Claire and Cai, Shu and Georgescu, Madalina and Griffitt, Kira and Hermjakob, Ulf and Knight, Kevin and Koehn, Philipp and Palmer, Martha and Schneider, Nathan},
  booktitle={Proceedings of the 7th Linguistic Annotation Workshop and Interoperability with Discourse},
  pages={178--186},
  year={2013}
}

@article{wurman2008coordinating,
  title={Coordinating hundreds of cooperative, autonomous vehicles in warehouses},
  author={Wurman, Peter R and D'Andrea, Raffaello and Mountz, Mick},
  journal={AI magazine},
  volume={29},
  number={1},
  pages={9--9},
  year={2008}
}

